@article{herd,
    title        = {{Herding Cats: Modelling, Simulation, Testing, and Data Mining for Weak Memory}},
    author       = {Alglave, Jade and Maranget, Luc and Tautschnig, Michael},
    year         = 2014,
    month        = {jul},
    journal      = {ACM Trans. Program. Lang. Syst.},
    publisher    = {Association for Computing Machinery},
    address      = {New York, NY, USA},
    volume       = 36,
    number       = 2,
    doi          = {10.1145/2627752},
    issn         = {0164-0925},
    url          = {https://doi.org/10.1145/2627752},
    issue_date   = {July 2014},
    articleno    = 7,
    numpages     = 74,
}
@inproceedings{cbmc,
    title        = {{A Tool for Checking ANSI-C Programs}},
    author       = {Clarke, Edmund and Kroening, Daniel and Lerda, Flavio},
    year         = 2004,
    booktitle    = {Tools and Algorithms for the Construction and Analysis of Systems},
    publisher    = {Springer Berlin Heidelberg},
    address      = {Berlin, Heidelberg},
    pages        = {168--176},
    isbn         = {978-3-540-24730-2},
    editor       = {Jensen, Kurt and Podelski, Andreas}
}
@inproceedings{dartagnan,
    title        = {{BMC for Weak Memory Models: Relation Analysis for Compact SMT Encodings}},
    author       = {Gavrilenko, Natalia and Ponce-de-Le{\'o}n, Hern{\'a}n and Furbach, Florian and Heljanko, Keijo and Meyer, Roland},
    year         = 2019,
    booktitle    = {Computer Aided Verification},
    publisher    = {Springer International Publishing},
    address      = {Cham},
    pages        = {355--365},
    isbn         = {978-3-030-25540-4},
    editor       = {Dillig, Isil and Tasiran, Serdar}
}
@article{deagle,
    title        = {{Consistency-preserving propagation for SMT solving of concurrent program verification}},
    author       = {Sun, Zhihang and Fan, Hongyu and He, Fei},
    year         = 2022,
    month        = {oct},
    journal      = {Proc. ACM Program. Lang.},
    publisher    = {Association for Computing Machinery},
    address      = {New York, NY, USA},
    volume       = 6,
    number       = {Oopsla2},
    doi          = {10.1145/3563321},
    url          = {https://doi.org/10.1145/3563321},
    issue_date   = {October 2022},
    articleno    = 158,
    numpages     = 28
}
@article{fences,
    title        = {{Fences in weak memory models (extended version)}},
    author       = {Alglave, Jade and Maranget, Luc and Sarkar, Susmit and Sewell, Peter},
    year         = 2012,
    month        = {apr},
    journal      = {Form. Methods Syst. Des.},
    publisher    = {Kluwer Academic Publishers},
    address      = {Usa},
    volume       = 40,
    number       = 2,
    pages        = {170–205},
    doi          = {10.1007/s10703-011-0135-z},
    issn         = {0925-9856},
    url          = {https://doi.org/10.1007/s10703-011-0135-z},
    issue_date   = {April     2012},
    numpages     = 36
}
@inproceedings{genmc,
    title        = {{GenMC: A Model Checker for Weak Memory Models}},
    author       = {Kokologiannakis, Michalis and Vafeiadis, Viktor},
    year         = 2021,
    booktitle    = {Computer Aided Verification: 33rd International Conference, CAV 2021, Virtual Event, July 20–23, 2021, Proceedings, Part I},
    publisher    = {Springer-Verlag},
    address      = {Berlin, Heidelberg},
    pages        = {427–440},
    doi          = {10.1007/978-3-030-81685-8_20},
    isbn         = {978-3-030-81684-1},
    url          = {https://doi.org/10.1007/978-3-030-81685-8_20},
    numpages     = 14
}
@inproceedings{HB,
    title        = {{Partial Orders for Efficient Bounded Model Checking of Concurrent Software}},
    author       = {Jade Alglave and Daniel Kroening and Michael Tautschnig},
    year         = 2013,
    booktitle    = {Computer Aided Verification - 25th International Conference, {CAV} 2013, Saint Petersburg, Russia, July 13-19, 2013. Proceedings},
    publisher    = {Springer},
    series       = {Lecture Notes in Computer Science},
    volume       = 8044,
    pages        = {141--157},
    doi          = {10.1007/978-3-642-39799-8\_9},
    url          = {https://doi.org/10.1007/978-3-642-39799-8\_9},
    editor       = {Natasha Sharygina and Helmut Veith},
    timestamp    = {Wed, 07 Dec 2022 23:12:58 +0100},
    biburl       = {https://dblp.org/rec/conf/cav/AlglaveKT13.bib},
    bibsource    = {dblp computer science bibliography, https://dblp.org}
}
@article{interference,
    title        = {{On interference abstractions}},
    author       = {Sinha, Nishant and Wang, Chao},
    year         = 2011,
    month        = {jan},
    journal      = {SIGPLAN Not.},
    publisher    = {Association for Computing Machinery},
    address      = {New York, NY, USA},
    volume       = 46,
    number       = 1,
    pages        = {423–434},
    doi          = {10.1145/1925844.1926433},
    issn         = {0362-1340},
    url          = {https://doi.org/10.1145/1925844.1926433},
    issue_date   = {January 2011},
    numpages     = 12
}
@inproceedings{musketeer,
    title        = {{Don't Sit on the Fence}},
    author       = {Alglave, Jade and Kroening, Daniel and Nimal, Vincent and Poetzl, Daniel},
    year         = 2014,
    booktitle    = {Computer Aided Verification},
    publisher    = {Springer International Publishing},
    address      = {Cham},
    pages        = {508--524},
    isbn         = {978-3-319-08867-9},
    editor       = {Biere, Armin and Bloem, Roderick}
}
@inproceedings{nidhugg,
    title        = {{Stateless Model Checking Under a Reads-Value-From Equivalence}},
    author       = {Agarwal, Pratyush and Chatterjee, Krishnendu and Pathak, Shreya and Pavlogiannis, Andreas and Toman, Viktor},
    year         = 2021,
    booktitle    = {Computer Aided Verification},
    publisher    = {Springer International Publishing},
    address      = {Cham},
    pages        = {341--366},
    isbn         = {978-3-030-81685-8},
    editor       = {Silva, Alexandra and Leino, K. Rustan M.}
}
@inproceedings{svcomp24,
    title        = {{State of the Art in Software Verification and Witness Validation: SV-COMP 2024}},
    author       = {Beyer, Dirk},
    year         = 2024,
    booktitle    = {Tools and Algorithms for the Construction and Analysis of Systems},
    publisher    = {Springer Nature Switzerland},
    address      = {Cham},
    pages        = {299--329},
    isbn         = {978-3-031-57256-2},
    editor       = {Finkbeiner, Bernd and Kov{\'a}cs, Laura}
}
@inproceedings{zord,
    title        = {{Satisfiability modulo ordering consistency theory for multi-threaded program verification}},
    author       = {He, Fei and Sun, Zhihang and Fan, Hongyu},
    year         = 2021,
    booktitle    = {Proceedings of the 42nd ACM SIGPLAN International Conference on Programming Language Design and Implementation},
    location     = {Virtual, Canada},
    publisher    = {Association for Computing Machinery},
    address      = {New York, NY, USA},
    series       = {Pldi 2021},
    pages        = {1264–1279},
    doi          = {10.1145/3453483.3454108},
    isbn         = 9781450383912,
    url          = {https://doi.org/10.1145/3453483.3454108},
    numpages     = 16
}

@article{smoct,
  author       = {Hongyu Fan and
                  Zhihang Sun and
                  Fei He},
  title        = {Satisfiability Modulo Ordering Consistency Theory for SC, TSO, and
                  {PSO} Memory Models},
  journal      = {{ACM} Trans. Program. Lang. Syst.},
  volume       = {45},
  number       = {1},
  pages        = {6:1--6:37},
  year         = {2023},
  url          = {https://doi.org/10.1145/3579835},
  doi          = {10.1145/3579835},
  timestamp    = {Sat, 29 Apr 2023 19:27:46 +0200},
  biburl       = {https://dblp.org/rec/journals/toplas/FanSH23.bib},
  bibsource    = {dblp computer science bibliography, https://dblp.org}
}
@techreport{acsl,
    author = {Patrick Baudin and Pascal Cuoq and Jean-Christophe Filliatre and Claude Marché and Benjamin Monate and Yannick Moy and Virgile Prevosto},
    title = {{ACSL: ANSI/ISO C Specification Language v1.20}},
    institution = {{Frama-C}},
    year = 2024,
    url = {https://frama-c.com/download/acsl-1.20.pdf}
}